{
%Está copiado de las entradas de google scholar
% Al final de cada entrada de la búsqueda hay una estrella y unas comillas
%Comillas>BibTeX> Copiar, pegar aquí abajo
%Ante la duda copiad lo que está hecho y no os rompais la cabeza
%Si seguís con dudas preguntadle a Pascal que es un yonki de latex
@article{linebarger2005infants,
  title={Infants’ and toddlers’ television viewing and language outcomes},
  author={Linebarger, Deborah L and Walker, Dale},
  journal={American behavioral scientist},
  volume={48},
  number={5},
  pages={624--645},
  year={2005},
  publisher={Sage Publications Sage CA: Thousand Oaks, CA}
}
@article{england2011gender,
  title={Gender role portrayal and the Disney princesses},
  author={England, Dawn Elizabeth and Descartes, Lara and Collier-Meek, Melissa A},
  journal={Sex roles},
  volume={64},
  number={7-8},
  pages={555--567},
  year={2011},
  publisher={Springer}
}
@article{ross2004escape,
  title={Escape from wonderland: Disney and the female imagination},
  author={Ross, Deborah},
  journal={Marvels \& Tales},
  pages={53--66},
  year={2004},
  publisher={JSTOR}
}
@misc{listaDisney,
    title={Anexo: lista de películas Disney},
    howpublished={\url{https://es.wikipedia.org/wiki/Anexo:Pel\%C3\%ADculas_de_Walt_Disney_Pictures}}
}
@misc{LibroEstereotipo,
    title={"Mamá lava mi osito, papá juega conmigo": FACUA denuncia unos cuentos infantiles por perpetuar estereotipos},
    howpublished={\url{https://www.eldiario.es/micromachismos/Mama-FACUA-infantiles-perpetuar-estereotipos_6_844875529.html}}
}
@article{LeyDeGrandesNumeros,
  title={Law of large numbers for identically distributed variables},
  author={Feller, William},
  journal={An introduction to probability theory and its applications},
  volume={2},
  pages={231--234},
  year={1971}
}
}
@book{campbell1989hero,
  title={The hero's journey},
  author={Campbell, Joseph and Blake, Edward},
  year={1989},
  publisher={Mythology Limited/Public Media Video}
}